<?xml version="1.0" encoding="UTF-8"?><record xmlns="http://www.loc.gov/MARC21/slim" xmlns:cinclude="http://apache.org/cocoon/include/1.0" xmlns:zs="http://www.loc.gov/zing/srw/">
  <leader>00549nz  a2200145n  4500</leader>
  <controlfield tag="001">no2015065441</controlfield>
  <controlfield tag="003">DLC</controlfield>
  <controlfield tag="005">20150516073615.0</controlfield>
  <controlfield tag="008">150515n| azannaabn          |a ana      </controlfield>
  <datafield tag="010" ind1=" " ind2=" ">
    <subfield code="a">no2015065441</subfield>
  </datafield>
  <datafield tag="035" ind1=" " ind2=" ">
    <subfield code="a">(OCoLC)oca10167932</subfield>
  </datafield>
  <datafield tag="040" ind1=" " ind2=" ">
    <subfield code="a">DLC-S</subfield>
    <subfield code="b">eng</subfield>
    <subfield code="e">rda</subfield>
    <subfield code="c">DLC-S</subfield>
  </datafield>
  <datafield tag="110" ind1="2" ind2=" ">
    <subfield code="a">TSO Sokol (Prague, Czech Republic)</subfield>
  </datafield>
  <datafield tag="410" ind1="2" ind2=" ">
    <subfield code="a">Tělovýchovná a sportovní organisace Sokol (Prague, Czech Republic)</subfield>
  </datafield>
  <datafield tag="670" ind1=" " ind2=" ">
    <subfield code="a">Sokol (Prague, Czech Republic : 1956), 20. ledna 1956:</subfield>
    <subfield code="b">cover (TSO Sokol) colophon (... Tělovýchovné a sportovní organisace Sokol)</subfield>
  </datafield>
</record>